%YAML 1.1
%TAG !u! tag:unity3d.com,2011:
--- !u!1 &3423162708092357245
GameObject:
  m_ObjectHideFlags: 0
  m_CorrespondingSourceObject: {fileID: 0}
  m_PrefabInstance: {fileID: 0}
  m_PrefabAsset: {fileID: 0}
  serializedVersion: 6
  m_Component:
  - component: {fileID: 3423162708092357246}
  - component: {fileID: 3423162708092357247}
  - component: {fileID: 3423162708092357240}
  m_Layer: 10
  m_Name: Devillball
  m_TagString: Enemy
  m_Icon: {fileID: 0}
  m_NavMeshLayer: 0
  m_StaticEditorFlags: 0
  m_IsActive: 1
--- !u!4 &3423162708092357246
Transform:
  m_ObjectHideFlags: 0
  m_CorrespondingSourceObject: {fileID: 0}
  m_PrefabInstance: {fileID: 0}
  m_PrefabAsset: {fileID: 0}
  m_GameObject: {fileID: 3423162708092357245}
  m_LocalRotation: {x: 0, y: 0, z: 0, w: 1}
  m_LocalPosition: {x: 10.87, y: 4.35, z: 0}
  m_LocalScale: {x: 1, y: 1, z: 1}
  m_Children:
  - {fileID: 3423162708331122798}
  m_Father: {fileID: 0}
  m_RootOrder: 0
  m_LocalEulerAnglesHint: {x: 0, y: 0, z: 0}
--- !u!135 &3423162708092357247
SphereCollider:
  m_ObjectHideFlags: 0
  m_CorrespondingSourceObject: {fileID: 0}
  m_PrefabInstance: {fileID: 0}
  m_PrefabAsset: {fileID: 0}
  m_GameObject: {fileID: 3423162708092357245}
  m_Material: {fileID: 0}
  m_IsTrigger: 0
  m_Enabled: 1
  serializedVersion: 2
  m_Radius: 1.5
  m_Center: {x: 0, y: 0.4, z: 0}
--- !u!114 &3423162708092357240
MonoBehaviour:
  m_ObjectHideFlags: 0
  m_CorrespondingSourceObject: {fileID: 0}
  m_PrefabInstance: {fileID: 0}
  m_PrefabAsset: {fileID: 0}
  m_GameObject: {fileID: 3423162708092357245}
  m_Enabled: 1
  m_EditorHideFlags: 0
  m_Script: {fileID: 11500000, guid: 96a87fbeac666d94ab26590717b6a121, type: 3}
  m_Name: 
  m_EditorClassIdentifier: 
  maxHealth: 3
  currentHealth: 0
  dmg: 1
  moveSpeed: 10
--- !u!1 &3423162708331122797
GameObject:
  m_ObjectHideFlags: 0
  m_CorrespondingSourceObject: {fileID: 0}
  m_PrefabInstance: {fileID: 0}
  m_PrefabAsset: {fileID: 0}
  serializedVersion: 6
  m_Component:
  - component: {fileID: 3423162708331122798}
  m_Layer: 10
  m_Name: GFX
  m_TagString: Untagged
  m_Icon: {fileID: 0}
  m_NavMeshLayer: 0
  m_StaticEditorFlags: 0
  m_IsActive: 1
--- !u!4 &3423162708331122798
Transform:
  m_ObjectHideFlags: 0
  m_CorrespondingSourceObject: {fileID: 0}
  m_PrefabInstance: {fileID: 0}
  m_PrefabAsset: {fileID: 0}
  m_GameObject: {fileID: 3423162708331122797}
  m_LocalRotation: {x: 0, y: 0, z: 0, w: 1}
  m_LocalPosition: {x: 0, y: 0, z: 0}
  m_LocalScale: {x: 1, y: 1, z: 1}
  m_Children:
  - {fileID: 3423162707675928912}
  m_Father: {fileID: 3423162708092357246}
  m_RootOrder: 0
  m_LocalEulerAnglesHint: {x: 0, y: 0, z: 0}
--- !u!1001 &3423162707676054486
PrefabInstance:
  m_ObjectHideFlags: 0
  serializedVersion: 2
  m_Modification:
    m_TransformParent: {fileID: 3423162708331122798}
    m_Modifications:
    - target: {fileID: 100006, guid: 6de48fe3798ffc641ba0c9f86b4f40ed, type: 3}
      propertyPath: m_Name
      value: devilball
      objectReference: {fileID: 0}
    - target: {fileID: 100006, guid: 6de48fe3798ffc641ba0c9f86b4f40ed, type: 3}
      propertyPath: m_Layer
      value: 10
      objectReference: {fileID: 0}
    - target: {fileID: 100000, guid: 6de48fe3798ffc641ba0c9f86b4f40ed, type: 3}
      propertyPath: m_Layer
      value: 10
      objectReference: {fileID: 0}
    - target: {fileID: 100004, guid: 6de48fe3798ffc641ba0c9f86b4f40ed, type: 3}
      propertyPath: m_Layer
      value: 10
      objectReference: {fileID: 0}
    - target: {fileID: 400006, guid: 6de48fe3798ffc641ba0c9f86b4f40ed, type: 3}
      propertyPath: m_LocalPosition.x
      value: 0
      objectReference: {fileID: 0}
    - target: {fileID: 400006, guid: 6de48fe3798ffc641ba0c9f86b4f40ed, type: 3}
      propertyPath: m_LocalPosition.y
      value: -0.93
      objectReference: {fileID: 0}
    - target: {fileID: 400006, guid: 6de48fe3798ffc641ba0c9f86b4f40ed, type: 3}
      propertyPath: m_LocalPosition.z
      value: 0
      objectReference: {fileID: 0}
    - target: {fileID: 400006, guid: 6de48fe3798ffc641ba0c9f86b4f40ed, type: 3}
      propertyPath: m_LocalRotation.x
      value: 0
      objectReference: {fileID: 0}
    - target: {fileID: 400006, guid: 6de48fe3798ffc641ba0c9f86b4f40ed, type: 3}
      propertyPath: m_LocalRotation.y
      value: -0.7071068
      objectReference: {fileID: 0}
    - target: {fileID: 400006, guid: 6de48fe3798ffc641ba0c9f86b4f40ed, type: 3}
      propertyPath: m_LocalRotation.z
      value: 0
      objectReference: {fileID: 0}
    - target: {fileID: 400006, guid: 6de48fe3798ffc641ba0c9f86b4f40ed, type: 3}
      propertyPath: m_LocalRotation.w
      value: 0.7071068
      objectReference: {fileID: 0}
    - target: {fileID: 400006, guid: 6de48fe3798ffc641ba0c9f86b4f40ed, type: 3}
      propertyPath: m_RootOrder
      value: 0
      objectReference: {fileID: 0}
    - target: {fileID: 400006, guid: 6de48fe3798ffc641ba0c9f86b4f40ed, type: 3}
      propertyPath: m_LocalEulerAnglesHint.x
      value: 0
      objectReference: {fileID: 0}
    - target: {fileID: 400006, guid: 6de48fe3798ffc641ba0c9f86b4f40ed, type: 3}
      propertyPath: m_LocalEulerAnglesHint.y
      value: -90
      objectReference: {fileID: 0}
    - target: {fileID: 400006, guid: 6de48fe3798ffc641ba0c9f86b4f40ed, type: 3}
      propertyPath: m_LocalEulerAnglesHint.z
      value: 0
      objectReference: {fileID: 0}
    - target: {fileID: 9500000, guid: 6de48fe3798ffc641ba0c9f86b4f40ed, type: 3}
      propertyPath: m_Controller
      value: 
      objectReference: {fileID: 9100000, guid: dafea6cdb94b84b4082dbb71118621f3, type: 2}
    - target: {fileID: 9500000, guid: 6de48fe3798ffc641ba0c9f86b4f40ed, type: 3}
      propertyPath: m_ApplyRootMotion
      value: 0
      objectReference: {fileID: 0}
    - target: {fileID: 100020, guid: 6de48fe3798ffc641ba0c9f86b4f40ed, type: 3}
      propertyPath: m_Layer
      value: 10
      objectReference: {fileID: 0}
    - target: {fileID: 100022, guid: 6de48fe3798ffc641ba0c9f86b4f40ed, type: 3}
      propertyPath: m_Layer
      value: 10
      objectReference: {fileID: 0}
    - target: {fileID: 100018, guid: 6de48fe3798ffc641ba0c9f86b4f40ed, type: 3}
      propertyPath: m_Layer
      value: 10
      objectReference: {fileID: 0}
    - target: {fileID: 100016, guid: 6de48fe3798ffc641ba0c9f86b4f40ed, type: 3}
      propertyPath: m_Layer
      value: 10
      objectReference: {fileID: 0}
    - target: {fileID: 100028, guid: 6de48fe3798ffc641ba0c9f86b4f40ed, type: 3}
      propertyPath: m_Layer
      value: 10
      objectReference: {fileID: 0}
    - target: {fileID: 100024, guid: 6de48fe3798ffc641ba0c9f86b4f40ed, type: 3}
      propertyPath: m_Layer
      value: 10
      objectReference: {fileID: 0}
    - target: {fileID: 100012, guid: 6de48fe3798ffc641ba0c9f86b4f40ed, type: 3}
      propertyPath: m_Layer
      value: 10
      objectReference: {fileID: 0}
    - target: {fileID: 100008, guid: 6de48fe3798ffc641ba0c9f86b4f40ed, type: 3}
      propertyPath: m_Layer
      value: 10
      objectReference: {fileID: 0}
    - target: {fileID: 100030, guid: 6de48fe3798ffc641ba0c9f86b4f40ed, type: 3}
      propertyPath: m_Layer
      value: 10
      objectReference: {fileID: 0}
    - target: {fileID: 100026, guid: 6de48fe3798ffc641ba0c9f86b4f40ed, type: 3}
      propertyPath: m_Layer
      value: 10
      objectReference: {fileID: 0}
    - target: {fileID: 100014, guid: 6de48fe3798ffc641ba0c9f86b4f40ed, type: 3}
      propertyPath: m_Layer
      value: 10
      objectReference: {fileID: 0}
    - target: {fileID: 100010, guid: 6de48fe3798ffc641ba0c9f86b4f40ed, type: 3}
      propertyPath: m_Layer
      value: 10
      objectReference: {fileID: 0}
    m_RemovedComponents: []
  m_SourcePrefab: {fileID: 100100000, guid: 6de48fe3798ffc641ba0c9f86b4f40ed, type: 3}
--- !u!4 &3423162707675928912 stripped
Transform:
  m_CorrespondingSourceObject: {fileID: 400006, guid: 6de48fe3798ffc641ba0c9f86b4f40ed,
    type: 3}
  m_PrefabInstance: {fileID: 3423162707676054486}
  m_PrefabAsset: {fileID: 0}
